@article{Dodson,
    author =       "Stephanie Dodson and Briana Abrahms and Steven J. Bogradb and Jerome Fiechterc and Elliott L. Hazenb",
    title =        "Disentangling the biotic and abiotic drivers of emergent migratory behavior using individual-based models",
    journal =      "International Journal on Ecological Modelling and Systems Ecology",
    volume =       "432",
    year =         "2020",
    DOI =          "https://doi.org/10.1016/j.ecolmodel.2020.109225"
}

@article{Bailey,
author      = "Helen Bailey and Bruce R. Mate and Daniel M. Palacios and Ladd Irvine and Steven J. Bograd and Daniel P. Costa",
title       = "Behavioural estimation of blue whale movementsin the Northeast Pacific from state-space modelanalysis of satellite tracks",
journal     = "Engangered Species Research",
volume      = "10",
year        = "2010",
DOI         = "https://doi.org/10.3354/esr00239"
}
  
 @Article{Rpackage,
    author = {Clement Calenge},
    title = {The package adehabitat for the R software: tool for the analysis of space and habitat use by animals},
    journal = {Ecological Modelling},
    volume = {197},
    pages = {1035},
    year = {2006}
  }


@article{whale1,
author = {Scales, Kylie L. and Hazen, Elliott L. and Jacox, Michael G. and Edwards, Christopher A. and Boustany, Andre M. and Oliver, Matthew J. and Bograd, Steven J.},
title = {Scale of inference: on the sensitivity of habitat models for wide-ranging marine predators to the resolution of environmental data},
journal = {Ecography},
volume = {40},
number = {1},
doi = {https://doi.org/10.1111/ecog.02272},
year = {2017}
}

@article{ROMS1,
author = {Kenneth A. Rose and Jerome Fiechter and Enrique N. Curchitser and Kate Hedstrom and Miguel Bernal and Sean Creekmore and Alan Haynie and Shin-ichi Ito and Salvador Lluch-Cota and Bernard A. Megrey and Chris A. Edwards and Dave Checkley and Tony Koslow and Sam McClatchie and Francisco Werner and Alec MacCall and Vera Agostini},
title = {Demonstration of a fully-coupled end-to-end model for small pelagic fish using sardine and anchovy in the California Current},
journal = {Progress in Oceanography},
volume = {138},
year = {2015},
doi = {https://doi.org/10.1016/j.pocean.2015.01.012}
}

@article{ROMS2,
title = {A fully coupled ecosystem model to predict the foraging ecology of apex predators in the California Current},
author = {Fiechter, Jerome and Hückstädt, Luis and Rose, Kenneth and Costa, Daniel},
year = {2016},
volume = {556},
journal = {Marine Ecology Progress Series},
doi = {https://doi.org/10.3354/meps11849}
}

@misc{GOES,
  title           = {SST, GOES Imager, Day and Night, Western Hemisphere},
  url             = {https://coastwatch.pfeg.noaa.gov/erddap/index.html},
  year            = {2019}
}